@Article{tropPointsLinks,
  author = {{Hofmann}, Tommy and {Ren}, Yue},
  title = "{Computing tropical points and tropical links}",
  journal = {ArXiv e-prints},
  archivePrefix = "arXiv",
  eprint = {1611.02878},
  primaryClass = "math.AG",
  keywords = {Mathematics - Algebraic Geometry, Mathematics - Combinatorics, 14T05, 52B20, 12J25, 13P15},
  year = 2016,
  month = nov,
  adsurl = {http://adsabs.harvard.edu/abs/2016arXiv161102878H},
  adsnote = {Provided by the SAO/NASA Astrophysics Data System},
}

@Article{compGrobFan,
  author = {{Fukuda}, Komei and {Anders}, Jensen N. and {Thomas}, Rekha R.},
  title = "{Computing Gröbner Fans}",
  journal = {Mathematics of Computation},
  volume = {76},
  number = {260},
  pages = {2189--2212},
  year = {2007},
  month = nov,
}

% need some more info
@Book{SturmGBCP,
  author = {{Sturmfels}, Bernd},
  title = "{Gröbner Bases and Convex Polytopes}",
  year = {1995},
}

@ARTICLE{compTropVar,
   author = {{Bogart}, T. and {Jensen}, A. and {Speyer}, D. and {Sturmfels}, B. and {Thomas}, R.},
    title = "{Computing Tropical Varieties}",
  journal = {ArXiv Mathematics e-prints},
   eprint = {math/0507563},
 keywords = {Mathematics - Algebraic Geometry, Mathematics - Combinatorics, 14Q04, 05E02, 68W04},
     year = 2005,
    month = jul,
   adsurl = {http://adsabs.harvard.edu/abs/2005math......7563B},
  adsnote = {Provided by the SAO/NASA Astrophysics Data System}
}
